@misc{douze2024faisslibrary,
      title={The Faiss library}, 
      author={Matthijs Douze and Alexandr Guzhva and Chengqi Deng and Jeff Johnson and Gergely Szilvasy and Pierre-Emmanuel Mazaré and Maria Lomeli and Lucas Hosseini and Hervé Jégou},
      year={2024},
      eprint={2401.08281},
      archivePrefix={arXiv},
      primaryClass={cs.LG},
      url={https://arxiv.org/abs/2401.08281}, 
}
@misc{FlagOpen2023,
  author       = {FlagOpen},
  title        = {FlagEmbedding},
  year         = {2023},
  url = {https://github.com/FlagOpen/FlagEmbedding},
}

@inproceedings{Robertson2009BM25Foundations,
  author={Robertson, Stephen and Zaragoza, Hugo},
  title={On the foundations of BM25 and probabilistic retrieval},
  booktitle={Proc. SIGIR Workshop Math. Found. Inf. Retr. (MFIR)},
  year={2009},
  url={https://www.staff.city.ac.uk/~sbrp622/papers/foundations_bm25_review.pdf},
}

@misc{NguyenVanA2021BM25Viblo,
  author={Nguyen Van A},
  title={BM25 - Thuật toán xếp hạng các văn bản theo độ phù hợp},
  howpublished={Viblo.asia},
  month={Aug},
  year={2021},
  day={7},
  url={https://viblo.asia/p/bm25-thuat-toan-xep-hang-cac-van-ban-theo-do-phu-hop-Az45bWGNKxY},

}
@misc{Bouchard2023RAGChunking,
  author={Bouchard, Louis},
  title={RAG 101 - Chunking strategies},
  howpublished={Towards Data Science},
  month={Nov},
  year={2023},
  day={28},
  url={https://towardsdatascience.com/rag-101-chunking-strategies-fdc6f6c2aaec},
}

@misc{Saxena2023ChunkingRAG,
  author={Saxena, Tanisha},
  title={Chunking techniques to build exceptional RAG systems},
  howpublished={Analytics Vidhya},
  month={Oct},
  year={2023},
  day={23},
  url={https://www.analyticsvidhya.com/blog/2024/10/chunking-techniques-to-build-exceptional-rag-systems/},
}
@misc{NguyenHuuPhuoc2023SearchEngineVDB2,
  author={Nguyen Huu Phuoc},
  title={Tổng quan Search Engine và Vector Database - Part 2},
  howpublished={Viblo.asia},
  month={Oct},
  year={2023},
  day={27},
  url={https://viblo.asia/p/tong-quan-search-engine-va-vector-database-part-2-MG24B6WY4z3},
}

@misc{protonx-ai-devs-02_cuongtm-vietnamese-rag-chatbot,
  author={protonx-ai-devs-02},
  title={{cuongtm-vietnamese-rag-chatbot}},
  howpublished={GitHub repository},
  url={https://github.com/protonx-ai-devs-02/cuongtm-vietnamese-rag-chatbot},
}

@misc{protonx-ai-devs-02_quynhtl-owndata-rag-bot,
  author={protonx-ai-devs-02},
  title={{quynhtl-owndata-rag-bot}},
  howpublished={GitHub repository},
  url={https://github.com/protonx-ai-devs-02/quynhtl-owndata-rag-bot},
}